@article{bumiller:hal-04037520,
    author = {Bumiller, Anne and Challita, Stéphanie and Combemale, Benoit and Barais, Olivier and Aillery, Nicolas and Le Lan, Gael},
    hal_type = {ART},
    hal_type_title = {Journal articles},
    title = {On Understanding Context Modelling for Adaptive Authentication Systems},
    halref = {bumiller:hal-04037520},
    type_label = {International journals},
    type_number = {010},
    presort = {010},
    issn = {1556-4665},
    eissn = {1556-4703},
    journal = {ACM Transactions on Autonomous and Adaptive Systems},
    pages = {1-36},
    date_pub = {2023-01-01},
    doi = {10.1145/3582696},
    url = {https://hal.science/hal-04037520},
    hal_id = {hal-04037520},
    publisher = {Association for Computing Machinery (ACM)},
    date_produced = {2023-01-01},
    date = {2023-01-01},
    x-international_audience = {yes},
    x-invited_conference = {no},
    x-editorial_board = {yes},
    x-proceedings = {no},
    x-scientific_popularisation = {no},
}
@inproceedings{mehanna:hal-04084097,
    author = {Mehanna, Naif and Rudametkin, Walter},
    hal_type = {COMM},
    hal_type_title = {Conference papers},
    title = {Caught in the Game: On the History and Evolution of Web Browser Gaming},
    halref = {mehanna:hal-04084097},
    type_label = {International peer-reviewed conferences},
    type_number = {040},
    presort = {040},
    eventtitle = {The Web Conference 2023},
    booktitle = {Companion Proceedings of the ACM Web Conference 2023 (WWW ’23 Companion),},
    pages = {1-9},
    date_pub = {2023},
    url = {https://hal.science/hal-04084097},
    hal_id = {hal-04084097},
    license = {Attribution},
    date_produced = {2023-04-30},
    location = {Austin (TX), United States},
    date = {2023},
    x-international_audience = {yes},
    x-invited_conference = {no},
    x-editorial_board = {yes},
    x-proceedings = {yes},
    x-scientific_popularisation = {no},
}
@inproceedings{ternava:hal-03916459,
    author = {Tërnava, Xhevahire and Acher, Mathieu and Combemale, Benoit},
    hal_type = {COMM},
    hal_type_title = {Conference papers},
    title = {Specialization of Run-time Configuration Space at Compile-time: An Exploratory Study},
    halref = {ternava:hal-03916459},
    type_label = {Conferences without proceedings},
    type_number = {060},
    presort = {060},
    eventtitle = {SAC 2023 - The 38th ACM/SIGAPP Symposium on Applied Computing},
    pages = {1-10},
    url = {https://hal.science/hal-03916459},
    hal_id = {hal-03916459},
    publisher = {ACM},
    date_produced = {2023-03-27},
    location = {Tallinn, Estonia},
    date = {2023-03-27},
    x-international_audience = {yes},
    x-invited_conference = {no},
    x-editorial_board = {yes},
    x-proceedings = {no},
    x-scientific_popularisation = {no},
}
@inproceedings{acher:hal-04312909,
    author = {Acher, Mathieu},
    hal_type = {COMM},
    hal_type_title = {Conference papers},
    title = {A Demonstration of End-User Code Customization Using Generative AI},
    halref = {acher:hal-04312909},
    type_label = {International peer-reviewed conferences},
    type_number = {040},
    presort = {040},
    eventtitle = {18th International Working Conference on Variability Modelling of Software-Intensive Systems},
    doi = {10.1145/3634713.3634732},
    url = {https://hal.science/hal-04312909},
    hal_id = {hal-04312909},
    date_produced = {2024-02-07},
    location = {Bern, Switzerland},
    date = {2024-02-07},
    x-international_audience = {yes},
    x-invited_conference = {no},
    x-editorial_board = {yes},
    x-proceedings = {yes},
    x-scientific_popularisation = {no},
}
@article{lesoil:hal-03476464,
    author = {Lesoil, Luc and Acher, Mathieu and Blouin, Arnaud and Jézéquel, Jean-Marc},
    hal_type = {ART},
    hal_type_title = {Journal articles},
    title = {Input Sensitivity on the Performance of Configurable Systems: An Empirical Study},
    halref = {lesoil:hal-03476464},
    type_label = {International journals},
    type_number = {010},
    presort = {010},
    issn = {0164-1212},
    journal = {Journal of Systems and Software},
    pages = {1-18},
    date_pub = {2023},
    doi = {10.1016/j.jss.2023.111671},
    url = {https://inria.hal.science/hal-03476464},
    hal_id = {hal-03476464},
    publisher = {Elsevier},
    date_produced = {2023},
    date = {2023},
    x-international_audience = {yes},
    x-invited_conference = {no},
    x-editorial_board = {yes},
    x-proceedings = {no},
    x-scientific_popularisation = {no},
}
@inproceedings{kebaili:hal-04126496,
    author = {Kebaili, Zohra Kaouter and Khelladi, Djamel Eddine and Acher, Mathieu and Barais, Olivier},
    hal_type = {COMM},
    hal_type_title = {Conference papers},
    title = {Towards Leveraging Tests to Identify Impacts of Metamodel and Code Co-evolution},
    halref = {kebaili:hal-04126496},
    type_label = {International peer-reviewed conferences},
    type_number = {040},
    presort = {040},
    eventtitle = {CAiSE 2023 - 35th International Conference on Advanced Information Systems Engineering},
    volume = {477},
    pages = {129-137},
    date_pub = {2023-06-08},
    doi = {10.1007/978-3-031-34674-3_16},
    url = {https://inria.hal.science/hal-04126496},
    hal_id = {hal-04126496},
    series = {Lecture Notes in Business Information Processing},
    publisher = {Springer International Publishing; Springer International Publishing},
    license = {Attribution},
    date_produced = {2023-06-12},
    location = {Zaragoza, Spain},
    date = {2023-06-08},
    x-international_audience = {yes},
    x-invited_conference = {no},
    x-editorial_board = {yes},
    x-proceedings = {yes},
    x-scientific_popularisation = {no},
}
@inproceedings{jouneaux:hal-04252577,
    author = {Jouneaux, Gwendal and Frölich, Damian and Barais, Olivier and Combemale, Benoit and Le Guernic, Gurvan and Mussbacher, Gunter and van Binsbergen, L. Thomas},
    hal_type = {COMM},
    hal_type_title = {Conference papers},
    title = {Adaptive Structural Operational Semantics},
    halref = {jouneaux:hal-04252577},
    type_label = {International peer-reviewed conferences},
    type_number = {040},
    presort = {040},
    eventtitle = {SLE 2023 - 16th ACM SIGPLAN International Conference on Software Language Engineering},
    booktitle = {SLE 2023: Proceedings of the 16th ACM SIGPLAN International Conference on Software Language Engineering},
    pages = {29-42},
    date_pub = {2023-10-23},
    doi = {10.1145/3623476.3623517},
    url = {https://inria.hal.science/hal-04252577},
    hal_id = {hal-04252577},
    publisher = {ACM},
    license = {Attribution},
    date_produced = {2023-10-23},
    location = {Cascais, Portugal},
    date = {2023-10-23},
    x-international_audience = {yes},
    x-invited_conference = {no},
    x-editorial_board = {yes},
    x-proceedings = {yes},
    x-scientific_popularisation = {no},
}
@misc{lefeuvre:hal-04132604,
    author = {Lefeuvre, Romain and Galasso, Jessie and Combemale, Benoit and Sahraoui, Houari and Zacchiroli, Stefano},
    hal_type = {UNDEFINED},
    hal_type_title = {Preprints, Working Papers, ...},
    title = {Fingerprinting and Building Large Reproducible Datasets},
    halref = {lefeuvre:hal-04132604},
    type_label = {Reports \& preprints},
    type_number = {110},
    presort = {110},
    doi = {10.5281/zenodo.7989955},
    url = {https://hal.science/hal-04132604},
    hal_id = {hal-04132604},
    date_produced = {2023},
    date = {2023},
    x-international_audience = {no},
    x-invited_conference = {no},
    x-editorial_board = {no},
    x-proceedings = {no},
    x-scientific_popularisation = {no},
}
@thesis{geneveymetat:tel-04241537,
    author = {Genevey-Metat, Christophe},
    hal_type = {THESE},
    hal_type_title = {Theses},
    title = {Apprentissage automatique pour les attaques par canaux auxiliaires},
    halref = {geneveymetat:tel-04241537},
    type_label = {Doctoral dissertations and habilitation theses},
    type_number = {100},
    presort = {100},
    date_defended = {2023-09-28},
    url = {https://theses.hal.science/tel-04241537},
    hal_id = {tel-04241537},
    institution = {Université de Rennes},
    license = {Attribution},
    date_produced = {2023-09-28},
    date = {2023-09-28},
    x-international_audience = {no},
    x-invited_conference = {no},
    x-editorial_board = {no},
    x-proceedings = {no},
    x-scientific_popularisation = {no},
}
@book{duranton:hal-04023794,
    author = {Duranton, Marc and Bosschere, Koen De and Coppens, Bart and Gamrat, Christian and Gray, Madeleine and Hoberg, Thomas and Munk, Harm and Robinson, Charles and Vardanega, Tullio and Zendra, Olivier},
    hal_type = {OUV},
    hal_type_title = {Books},
    title = {HiPEAC Vision 2023: High Performance Embedded Architecture And Compilation},
    halref = {duranton:hal-04023794},
    type_label = {Scientific books},
    type_number = {070},
    presort = {070},
    pages = {1-238},
    date_pub = {2023-01},
    url = {https://inria.hal.science/hal-04023794},
    hal_id = {hal-04023794},
    license = {Copyright},
    date_produced = {2023-01},
    date = {2023-01},
    x-international_audience = {yes},
    x-invited_conference = {no},
    x-editorial_board = {no},
    x-proceedings = {no},
    x-scientific_popularisation = {no},
}
@article{lesoil:hal-04271476,
    author = {Lesoil, Luc and Spieker, Helge and Gotlieb, Arnaud and Acher, Mathieu and Temple, Paul and Blouin, Arnaud and Jézéquel, Jean-Marc},
    hal_type = {ART},
    hal_type_title = {Journal articles},
    title = {Learning input-aware performance models of configurable systems: An empirical evaluation},
    halref = {lesoil:hal-04271476},
    type_label = {International journals},
    type_number = {010},
    presort = {010},
    issn = {0164-1212},
    journal = {Journal of Systems and Software},
    pages = {111883},
    date_pub = {2023-11},
    doi = {10.1016/j.jss.2023.111883},
    url = {https://hal.science/hal-04271476},
    hal_id = {hal-04271476},
    publisher = {Elsevier},
    license = {Attribution},
    date_produced = {2023-11},
    date = {2023-11},
    x-international_audience = {yes},
    x-invited_conference = {no},
    x-editorial_board = {yes},
    x-proceedings = {no},
    x-scientific_popularisation = {no},
}
@inproceedings{leroy:hal-04249049,
    author = {Leroy, Dorian and Combemale, Benoit and Lelandais, Benoît and Oudot, Marie-Pierre},
    hal_type = {COMM},
    hal_type_title = {Conference papers},
    title = {Practical Runtime Instrumentation of Software Languages: The Case of SciHook},
    halref = {leroy:hal-04249049},
    type_label = {International peer-reviewed conferences},
    type_number = {040},
    presort = {040},
    eventtitle = {SLE 2023 - 16th ACM SIGPLAN International Conference on Software Language Engineering},
    pages = {1-6},
    date_pub = {2023},
    url = {https://inria.hal.science/hal-04249049},
    hal_id = {hal-04249049},
    publisher = {ACM},
    license = {Attribution},
    date_produced = {2023-10-22},
    location = {Cascais, Lisbon, Portugal},
    date = {2023},
    x-international_audience = {yes},
    x-invited_conference = {no},
    x-editorial_board = {yes},
    x-proceedings = {yes},
    x-scientific_popularisation = {no},
}
@inbook{jezequel:hal-04080311,
    author = {Jézéquel, Jean-Marc},
    hal_type = {COUV},
    hal_type_title = {Book sections},
    title = {Modeling: From CASE Tools to SLE and Machine Learning},
    halref = {jezequel:hal-04080311},
    type_label = {Scientific book chapters},
    type_number = {080},
    presort = {080},
    booktitle = {The French School of Programming},
    pages = {1-22},
    date_pub = {2023-09-01},
    url = {https://hal.science/hal-04080311},
    hal_id = {hal-04080311},
    publisher = {Springer},
    date_produced = {2023-09-01},
    date = {2023-09-01},
    x-international_audience = {yes},
    x-invited_conference = {no},
    x-editorial_board = {no},
    x-proceedings = {no},
    x-scientific_popularisation = {no},
}
@inproceedings{acher:hal-04153310,
    author = {Acher, Mathieu and Duarte, José Galindo and Jézéquel, Jean-Marc},
    hal_type = {COMM},
    hal_type_title = {Conference papers},
    title = {On Programming Variability with Large Language Model-based Assistant},
    halref = {acher:hal-04153310},
    type_label = {International peer-reviewed conferences},
    type_number = {040},
    presort = {040},
    eventtitle = {SPLC 2023 - 27th ACM International Systems and Software Product Lines Conference},
    pages = {1-7},
    doi = {10.1145/nnnnnnn.nnnnnnn},
    url = {https://inria.hal.science/hal-04153310},
    hal_id = {hal-04153310},
    publisher = {ACM},
    license = {Attribution},
    date_produced = {2023-08-28},
    location = {Tokyo, Japan},
    date = {2023-08-28},
    x-international_audience = {yes},
    x-invited_conference = {no},
    x-editorial_board = {yes},
    x-proceedings = {yes},
    x-scientific_popularisation = {no},
}
@inbook{martin:hal-03921905,
    author = {Martin, Hugo and Temple, Paul and Acher, Mathieu and Pereira, Juliana Alves and Jézéquel, Jean-Marc},
    hal_type = {COUV},
    hal_type_title = {Book sections},
    title = {Machine Learning for Feature Constraints Discovery},
    halref = {martin:hal-03921905},
    type_label = {Scientific book chapters},
    type_number = {080},
    presort = {080},
    booktitle = {Handbook of Re-Engineering Software Intensive Systems into Software Product Lines},
    pages = {175-196},
    date_pub = {2023-07-05},
    doi = {10.1007/978-3-031-11686-5_7},
    url = {https://inria.hal.science/hal-03921905},
    hal_id = {hal-03921905},
    publisher = {Springer International Publishing},
    date_produced = {2023-07-05},
    date = {2023-07-05},
    x-international_audience = {yes},
    x-invited_conference = {no},
    x-editorial_board = {no},
    x-proceedings = {no},
    x-scientific_popularisation = {no},
}
@inproceedings{lannurien:hal-04303898,
    author = {Lannurien, Vincent and D’orazio, Laurent and Barais, Olivier and Paquelet, Stephane and Boukhobza, Jalil},
    hal_type = {POSTER},
    hal_type_title = {Conference poster},
    title = {Distributed Function Cache for Heterogeneous Serverless Cloud},
    halref = {lannurien:hal-04303898},
    type_label = {Other scientific publications},
    type_number = {120},
    presort = {120},
    eventtitle = {Per3S - Performance and Scalability of Storage Systems},
    pages = {1-1},
    date_pub = {2023},
    url = {https://hal.science/hal-04303898},
    hal_id = {hal-04303898},
    license = {Attribution},
    date_produced = {2023-05-30},
    location = {Paris, France},
    date = {2023},
    x-international_audience = {yes},
    x-invited_conference = {no},
    x-editorial_board = {yes},
    x-proceedings = {no},
    x-scientific_popularisation = {no},
}
@inbook{olmedo:hal-04157804,
    author = {Olmedo, Agustín and Arévalo, Gabriela and Cassol, Ignacio and Perez, Quentin and Urtado, Christelle and Vauttier, Sylvain},
    hal_type = {COUV},
    hal_type_title = {Book sections},
    title = {Pull Requests Integration Process Optimization: An Empirical Study},
    halref = {olmedo:hal-04157804},
    type_label = {Scientific book chapters},
    type_number = {080},
    presort = {080},
    booktitle = {Evaluation of Novel Approaches to Software Engineering},
    volume = {1829},
    pages = {155-178},
    date_pub = {2023-07-08},
    doi = {10.1007/978-3-031-36597-3_8},
    url = {https://imt-mines-ales.hal.science/hal-04157804},
    hal_id = {hal-04157804},
    series = {Communications in Computer and Information Science},
    publisher = {Springer},
    date_produced = {2023-07-08},
    date = {2023-07-08},
    x-international_audience = {yes},
    x-invited_conference = {no},
    x-editorial_board = {no},
    x-proceedings = {no},
    x-scientific_popularisation = {no},
}
@inproceedings{acher:hal-03882594,
    author = {Acher, Mathieu and Lesoil, Luc and Randrianaina, Georges Aaron and Tërnava, Xhevahire and Zendra, Olivier},
    hal_type = {COMM},
    hal_type_title = {Conference papers},
    title = {A Call for Removing Variability},
    halref = {acher:hal-03882594},
    type_label = {Conferences without proceedings},
    type_number = {060},
    presort = {060},
    eventtitle = {VaMoS 2023 - 17th International Working Conference on Variability Modelling of Software-Intensive Systems},
    pages = {3},
    doi = {10.1145/3571788.3571801},
    url = {https://hal.science/hal-03882594},
    hal_id = {hal-03882594},
    date_produced = {2023-01-25},
    location = {Odense, Denmark},
    date = {2023-01-25},
    x-international_audience = {yes},
    x-invited_conference = {no},
    x-editorial_board = {yes},
    x-proceedings = {no},
    x-scientific_popularisation = {no},
}
@article{challita:hal-04216688,
    author = {Challita, Stéphanie and Combemale, Benoit and Ergin, Huseyin and Gray, Jeff and Rumpe, Bernhard and Schindler, Martin},
    hal_type = {ART},
    hal_type_title = {Journal articles},
    title = {Report on the State of the SoSyM Journal end of 2022},
    halref = {challita:hal-04216688},
    type_label = {International journals},
    type_number = {010},
    presort = {010},
    issn = {1619-1366},
    eissn = {1619-1374},
    journal = {Software and Systems Modeling},
    volume = {22},
    pages = {1-7},
    date_pub = {2023-02},
    doi = {10.1007/s10270-023-01085-6},
    url = {https://inria.hal.science/hal-04216688},
    hal_id = {hal-04216688},
    publisher = {Springer Verlag},
    license = {Attribution},
    date_produced = {2023-02},
    number = {1},
    date = {2023-02},
    x-international_audience = {yes},
    x-invited_conference = {no},
    x-editorial_board = {yes},
    x-proceedings = {no},
    x-scientific_popularisation = {no},
}
@article{pailler:hal-04216866,
    author = {Pailler, Ludovic and Tchana, Alain and Combemale, Benoit},
    hal_type = {ART},
    hal_type_title = {Journal articles},
    title = {Protéger les données jusqu’à l’OS},
    halref = {pailler:hal-04216866},
    type_label = {International journals},
    type_number = {010},
    presort = {010},
    issn = {2493-2957},
    eissn = {2494-7601},
    journal = {Dalloz IP/IT : droit de la propriété intellectuelle et du numérique},
    date_pub = {2023},
    url = {https://inria.hal.science/hal-04216866},
    hal_id = {hal-04216866},
    publisher = {Éditions Dalloz [2016-....]},
    license = {Copyright},
    date_produced = {2023},
    date = {2023},
    x-international_audience = {yes},
    x-invited_conference = {no},
    x-editorial_board = {yes},
    x-proceedings = {no},
    x-scientific_popularisation = {no},
}
@thesis{lesoil:tel-04190983,
    author = {Lesoil, Luc},
    hal_type = {THESE},
    hal_type_title = {Theses},
    title = {Deep software variability for resilient performance models of configurable systems},
    halref = {lesoil:tel-04190983},
    type_label = {Doctoral dissertations and habilitation theses},
    type_number = {100},
    presort = {100},
    date_defended = {2023-04-17},
    url = {https://theses.hal.science/tel-04190983},
    hal_id = {tel-04190983},
    institution = {Université de Rennes},
    date_produced = {2023-04-17},
    date = {2023-04-17},
    x-international_audience = {no},
    x-invited_conference = {no},
    x-editorial_board = {no},
    x-proceedings = {no},
    x-scientific_popularisation = {no},
}
@inbook{zendra:hal-04113296,
    author = {Zendra, Olivier and Coppens, Bart},
    hal_type = {COUV},
    hal_type_title = {Book sections},
    title = {From cybercrime to cyberwarfare, nobody can overlook cybersecurity any more},
    halref = {zendra:hal-04113296},
    type_label = {Scientific book chapters},
    type_number = {080},
    presort = {080},
    booktitle = {The HiPEAC Vision 2023},
    pages = {130-144},
    date_pub = {2023-01},
    doi = {10.5281/zenodo.7461910},
    url = {https://inria.hal.science/hal-04113296},
    hal_id = {hal-04113296},
    license = {Attribution},
    date_produced = {2023-01},
    date = {2023-01},
    x-international_audience = {yes},
    x-invited_conference = {no},
    x-editorial_board = {no},
    x-proceedings = {no},
    x-scientific_popularisation = {no},
}
@inproceedings{lannurien:hal-04165179,
    author = {Lannurien, Vincent and d'Orazio, Laurent and Barais, Olivier and Bernard, Esther and Weppe, Olivier and Beaulieu, Laurent and Kacete, Amine and Paquelet, Stéphane and Boukhobza, Jalil},
    hal_type = {COMM},
    hal_type_title = {Conference papers},
    title = {HeROfake: Heterogeneous Resources Orchestration in a Serverless Cloud – An Application to Deepfake Detection},
    halref = {lannurien:hal-04165179},
    type_label = {International peer-reviewed conferences},
    type_number = {040},
    presort = {040},
    eventtitle = {CCGrid 2023 - IEEE/ACM 23rd International Symposium on Cluster, Cloud and Internet Computing},
    pages = {154-165},
    doi = {10.1109/CCGrid57682.2023.00024},
    url = {https://inria.hal.science/hal-04165179},
    hal_id = {hal-04165179},
    publisher = {IEEE},
    license = {Attribution},
    date_produced = {2023-05-01},
    location = {Bangalore, India},
    date = {2023-05-01},
    x-international_audience = {yes},
    x-invited_conference = {no},
    x-editorial_board = {yes},
    x-proceedings = {yes},
    x-scientific_popularisation = {no},
}
@inbook{zendra:hal-04113336,
    author = {Zendra, Olivier and Coppens, Bart},
    hal_type = {COUV},
    hal_type_title = {Book sections},
    title = {THE RACE FOR CYBERSECURITY},
    halref = {zendra:hal-04113336},
    type_label = {Scientific book chapters},
    type_number = {080},
    presort = {080},
    booktitle = {The HiPEAC Vision 2023},
    pages = {127-129},
    date_pub = {2023-01},
    url = {https://inria.hal.science/hal-04113336},
    hal_id = {hal-04113336},
    license = {Attribution},
    date_produced = {2023-01},
    date = {2023-01},
    x-international_audience = {yes},
    x-invited_conference = {no},
    x-editorial_board = {no},
    x-proceedings = {no},
    x-scientific_popularisation = {no},
}
@inbook{coppens:hal-04113319,
    author = {Coppens, Bart and Zendra, Olivier},
    hal_type = {COUV},
    hal_type_title = {Book sections},
    title = {Is privacy possible in a digital world?},
    halref = {coppens:hal-04113319},
    type_label = {Scientific book chapters},
    type_number = {080},
    presort = {080},
    booktitle = {The HiPEAC Vision 2023},
    pages = {145-162},
    date_pub = {2023-01},
    doi = {10.5281/zenodo.7461921},
    url = {https://inria.hal.science/hal-04113319},
    hal_id = {hal-04113319},
    license = {Attribution},
    date_produced = {2023-01},
    date = {2023-01},
    x-international_audience = {yes},
    x-invited_conference = {no},
    x-editorial_board = {no},
    x-proceedings = {no},
    x-scientific_popularisation = {no},
}
@inproceedings{giraudet:hal-04164888,
    author = {Giraudet, Théo and David, Pierre-Charles},
    hal_type = {COMM},
    hal_type_title = {Conference papers},
    title = {Fonctions d'utilisabilité dans les studios de conception de langages dédiés graphiques},
    halref = {giraudet:hal-04164888},
    type_label = {Conferences without proceedings},
    type_number = {060},
    presort = {060},
    eventtitle = {IHM 2023 - 34e Conférence Francophone sur l'Interaction Homme-Machine},
    pages = {1-2},
    doi = {10.1145/nnnnnnn.nnnnnnn},
    url = {https://inria.hal.science/hal-04164888},
    hal_id = {hal-04164888},
    license = {Attribution},
    date_produced = {2023-04-03},
    location = {Troyes, France},
    date = {2023-04-03},
    x-international_audience = {no},
    x-invited_conference = {no},
    x-editorial_board = {yes},
    x-proceedings = {no},
    x-scientific_popularisation = {no},
}
@misc{ledilavrec:hal-04163509,
    author = {Le Dilavrec, Quentin and Khelladi, Djamel Eddine and Blouin, Arnaud and Jézéquel, Jean-Marc},
    hal_type = {OTHER},
    hal_type_title = {Other publications},
    title = {Analyser efficacement de grands historiques de code avec HyperAST : une démonstration},
    halref = {ledilavrec:hal-04163509},
    type_label = {Other scientific publications},
    type_number = {120},
    presort = {120},
    pages = {2},
    date_pub = {2023-07-17},
    url = {https://inria.hal.science/hal-04163509},
    hal_id = {hal-04163509},
    license = {Attribution},
    date_produced = {2023-07-17},
    date = {2023-07-17},
    x-international_audience = {no},
    x-invited_conference = {no},
    x-editorial_board = {no},
    x-proceedings = {no},
    x-scientific_popularisation = {no},
}
@article{acher:hal-03897639,
    author = {Acher, Mathieu and Perrouin, Gilles and Cordy, Maxime},
    hal_type = {ART},
    hal_type_title = {Journal articles},
    title = {BURST: Benchmarking Uniform Random Sampling Techniques},
    halref = {acher:hal-03897639},
    type_label = {International journals},
    type_number = {010},
    presort = {010},
    issn = {0167-6423},
    journal = {Science of Computer Programming},
    volume = {226},
    pages = {1-10},
    date_pub = {2023-01-03},
    doi = {10.1016/j.scico.2022.102914},
    url = {https://inria.hal.science/hal-03897639},
    hal_id = {hal-03897639},
    publisher = {Elsevier},
    license = {Attribution},
    date_produced = {2023-01-03},
    date = {2023-01-03},
    x-international_audience = {yes},
    x-invited_conference = {no},
    x-editorial_board = {yes},
    x-proceedings = {no},
    x-scientific_popularisation = {no},
}
@article{combemale:hal-04216671,
    author = {Combemale, Benoit and Gray, Jeff and Rumpe, Bernhard},
    hal_type = {ART},
    hal_type_title = {Journal articles},
    title = {Research software engineering and the importance of scientific models},
    halref = {combemale:hal-04216671},
    type_label = {International journals},
    type_number = {010},
    presort = {010},
    issn = {1619-1366},
    eissn = {1619-1374},
    journal = {Software and Systems Modeling},
    volume = {22},
    pages = {1081-1083},
    date_pub = {2023-08},
    doi = {10.1007/s10270-023-01119-z},
    url = {https://inria.hal.science/hal-04216671},
    hal_id = {hal-04216671},
    publisher = {Springer Verlag},
    license = {Attribution},
    date_produced = {2023-08},
    number = {4},
    date = {2023-08},
    x-international_audience = {yes},
    x-invited_conference = {no},
    x-editorial_board = {yes},
    x-proceedings = {no},
    x-scientific_popularisation = {no},
}
@article{combemale:hal-04216676,
    author = {Combemale, Benoît and Eramo, Romina and de Lara, Juan},
    hal_type = {ART},
    hal_type_title = {Journal articles},
    title = {Guest editorial for the theme section on modeling language engineering},
    halref = {combemale:hal-04216676},
    type_label = {International journals},
    type_number = {010},
    presort = {010},
    issn = {1619-1366},
    eissn = {1619-1374},
    journal = {Software and Systems Modeling},
    volume = {22},
    pages = {795-796},
    date_pub = {2023-03},
    doi = {10.1007/s10270-023-01097-2},
    url = {https://inria.hal.science/hal-04216676},
    hal_id = {hal-04216676},
    publisher = {Springer Verlag},
    license = {Attribution},
    date_produced = {2023-03},
    number = {3},
    date = {2023-03},
    x-international_audience = {yes},
    x-invited_conference = {no},
    x-editorial_board = {yes},
    x-proceedings = {no},
    x-scientific_popularisation = {no},
}
@inproceedings{ledilavrec:hal-04189855,
    author = {Le Dilavrec, Quentin and Khelladi, Djamel Eddine and Blouin, Arnaud and Jézéquel, Jean-Marc},
    hal_type = {COMM},
    hal_type_title = {Conference papers},
    title = {HyperDiff: Computing Source Code Diffs at Scale},
    halref = {ledilavrec:hal-04189855},
    type_label = {International peer-reviewed conferences},
    type_number = {040},
    presort = {040},
    eventtitle = {ESEC/FSE 2023 - 31st ACM Joint European Software Engineering Conference and Symposium on the Foundations of Software Engineering},
    pages = {1-12},
    date_pub = {2023},
    doi = {10.1145/3611643.3616312},
    url = {https://inria.hal.science/hal-04189855},
    hal_id = {hal-04189855},
    publisher = {ACM},
    license = {Attribution},
    date_produced = {2023-12-03},
    location = {San Francisco (CA, USA), United States},
    date = {2023},
    x-international_audience = {yes},
    x-invited_conference = {no},
    x-editorial_board = {yes},
    x-proceedings = {yes},
    x-scientific_popularisation = {no},
}
@article{zschaler:hal-03921704,
    author = {Zschaler, Steffen and Bousse, Erwan and Deantoni, Julien and Combemale, Benoit},
    hal_type = {ART},
    hal_type_title = {Journal articles},
    title = {A Generic Framework for Representing and Analysing Model Concurrency},
    halref = {zschaler:hal-03921704},
    type_label = {International journals},
    type_number = {010},
    presort = {010},
    issn = {1619-1366},
    eissn = {1619-1374},
    journal = {Software and Systems Modeling},
    volume = {22},
    pages = {1319–1340},
    date_pub = {2023},
    doi = {10.1007/s10270-022-01073-2},
    url = {https://inria.hal.science/hal-03921704},
    hal_id = {hal-03921704},
    publisher = {Springer Verlag},
    license = {Attribution},
    date_produced = {2023},
    date = {2023},
    x-international_audience = {yes},
    x-invited_conference = {no},
    x-editorial_board = {yes},
    x-proceedings = {no},
    x-scientific_popularisation = {no},
}
@article{jezequel:hal-04064771,
    author = {Jézéquel, Jean-Marc and Vallecillo, Antonio},
    hal_type = {ART},
    hal_type_title = {Journal articles},
    title = {Uncertainty-aware Simulation of Adaptive Systems},
    halref = {jezequel:hal-04064771},
    type_label = {International journals},
    type_number = {010},
    presort = {010},
    issn = {1049-3301},
    journal = {ACM Transactions on Modeling and Computer Simulation},
    pages = {1-18},
    date_pub = {2023-03-28},
    doi = {10.1145/3589517},
    url = {https://inria.hal.science/hal-04064771},
    hal_id = {hal-04064771},
    publisher = {Association for Computing Machinery},
    date_produced = {2023-03-28},
    date = {2023-03-28},
    x-international_audience = {yes},
    x-invited_conference = {no},
    x-editorial_board = {yes},
    x-proceedings = {no},
    x-scientific_popularisation = {no},
}
@inproceedings{acher:hal-04160693,
    author = {Acher, Mathieu and Martinez, Jabier},
    hal_type = {COMM},
    hal_type_title = {Conference papers},
    title = {Generative AI for Reengineering Variants into Software Product Lines: An Experience Report},
    halref = {acher:hal-04160693},
    type_label = {International peer-reviewed conferences},
    type_number = {040},
    presort = {040},
    eventtitle = {SPLC 2023 - 27th ACM International Systems and Software Product Lines Conference},
    volume = {B},
    pages = {1-9},
    date_pub = {2023-08-25},
    doi = {10.1145/3579028.3609016},
    url = {https://inria.hal.science/hal-04160693},
    hal_id = {hal-04160693},
    series = {B},
    publisher = {ACM},
    license = {Attribution},
    date_produced = {2023-08-28},
    location = {Tokyo, Japan},
    date = {2023-08-25},
    x-international_audience = {yes},
    x-invited_conference = {no},
    x-editorial_board = {yes},
    x-proceedings = {yes},
    x-scientific_popularisation = {no},
}
@inproceedings{rouxel:hal-04108237,
    author = {Rouxel, Benjamin and Brown, Christopher and Ebeid, Emad and Eder, Kerstin and Falk, Heiko and Grelck, Clemens and Holst, Jesper and Jadhav, Shashank and Marquer, Yoann and Alejandro, Marcos Martinez De and Nikov, Kris and Sahafi, Ali and Lundquist, Ulrik Pagh Schultz and Seewald, Adam and Vassalos, Vangelis and Wegener, Simon and Zendra, Olivier},
    hal_type = {COMM},
    hal_type_title = {Conference papers},
    title = {The TeamPlay Project: Analysing and Optimising Time, Energy, and Security for Cyber-Physical Systems},
    halref = {rouxel:hal-04108237},
    type_label = {International peer-reviewed conferences},
    type_number = {040},
    presort = {040},
    eventtitle = {DATE 2023 - Design, Automation and Test in Europe Conference},
    pages = {1-6},
    date_pub = {2023-05-31},
    url = {https://inria.hal.science/hal-04108237},
    hal_id = {hal-04108237},
    license = {Attribution},
    date_produced = {2023-04-17},
    location = {Antwerp, Belgium},
    date = {2023-05-31},
    x-international_audience = {yes},
    x-invited_conference = {no},
    x-editorial_board = {yes},
    x-proceedings = {yes},
    x-scientific_popularisation = {no},
}
@inproceedings{houdaille:hal-04077663,
    author = {Houdaille, Philémon and Khelladi, Djamel Eddine and Briend, Romain and Jongeling, Robbert and Combemale, Benoit},
    hal_type = {COMM},
    hal_type_title = {Conference papers},
    title = {Polyglot AST: Towards Enabling Polyglot Code Analysis},
    halref = {houdaille:hal-04077663},
    type_label = {International peer-reviewed conferences},
    type_number = {040},
    presort = {040},
    eventtitle = {ICECCS 2023 -  27th International Conference on Engineering of Complex Computer Systems},
    pages = {1-10},
    date_pub = {2023},
    url = {https://inria.hal.science/hal-04077663},
    hal_id = {hal-04077663},
    date_produced = {2023-06-14},
    location = {Toulouse, France},
    date = {2023},
    x-international_audience = {yes},
    x-invited_conference = {no},
    x-editorial_board = {yes},
    x-proceedings = {yes},
    x-scientific_popularisation = {no},
}
@misc{randrianaina:hal-04130361,
    author = {Randrianaina, Georges Aaron and Khelladi, Djamel Eddine and Zendra, Olivier and Acher, Mathieu},
    hal_type = {UNDEFINED},
    hal_type_title = {Preprints, Working Papers, ...},
    title = {PyroBuildS: Enabling Efficient Exploration of Linux Configuration Space with Incremental Build},
    halref = {randrianaina:hal-04130361},
    type_label = {Reports \& preprints},
    type_number = {110},
    presort = {110},
    url = {https://hal.science/hal-04130361},
    hal_id = {hal-04130361},
    date_produced = {2023-06-15},
    date = {2023-06-15},
    x-international_audience = {no},
    x-invited_conference = {no},
    x-editorial_board = {no},
    x-proceedings = {no},
    x-scientific_popularisation = {no},
}
@inproceedings{foures:hal-04216627,
    author = {Foures, Damien and Acher, Mathieu and Barais, Olivier and Combemale, Benoit and Jézéquel, Jean-Marc and Kienzle, Jörg},
    hal_type = {COMM},
    hal_type_title = {Conference papers},
    title = {Experience in Specializing a Generic Realization Language for SPL Engineering at Airbus},
    halref = {foures:hal-04216627},
    type_label = {International peer-reviewed conferences},
    type_number = {040},
    presort = {040},
    eventtitle = {MODELS 2023 - 26th International Conference on Model-Driven Engineering Languages and Systems},
    pages = {1-12},
    date_pub = {2023},
    url = {https://inria.hal.science/hal-04216627},
    hal_id = {hal-04216627},
    publisher = {IEEE},
    license = {Attribution},
    date_produced = {2023-10-01},
    location = {Västerås, Sweden},
    date = {2023},
    x-international_audience = {yes},
    x-invited_conference = {no},
    x-editorial_board = {yes},
    x-proceedings = {yes},
    x-scientific_popularisation = {no},
}
@misc{fortz:hal-04309208,
    author = {Fortz, Sophie and Temple, Paul and Devroey, Xavier and Perrouin, Gilles},
    hal_type = {UNDEFINED},
    hal_type_title = {Preprints, Working Papers, ...},
    title = {Towards Feature-based ML-enabled Behaviour Location},
    halref = {fortz:hal-04309208},
    type_label = {Reports \& preprints},
    type_number = {110},
    presort = {110},
    url = {https://inria.hal.science/hal-04309208},
    hal_id = {hal-04309208},
    license = {Attribution},
    date_produced = {2023-11-27},
    date = {2023-11-27},
    x-international_audience = {no},
    x-invited_conference = {no},
    x-editorial_board = {no},
    x-proceedings = {no},
    x-scientific_popularisation = {no},
}
