@unpublished{acher:hal-04152637,
    author = {Acher, Mathieu and Temple, Paul and Barais, Olivier},
    hal_type = {LECTURE},
    hal_type_title = {Lectures},
    title = {Reproducible Science and Software Engineering},
    halref = {acher:hal-04152637},
    type_label = {Educational activities},
    type_number = {140},
    presort = {140},
    pages = {140},
    date_pub = {2023-07-05},
    url = {https://inria.hal.science/hal-04152637},
    hal_id = {hal-04152637},
    institution = {Ecole Jeunes Chercheurs en Programmation (EJCP)},
    license = {Attribution},
    date_produced = {2023-07-05},
    location = {France},
    date = {2023-07-05},
    note = {Doctoral},
    x-international_audience = {no},
    x-invited_conference = {no},
    x-editorial_board = {no},
    x-proceedings = {no},
    x-scientific_popularisation = {no},
}
